<?xml version="1.0" encoding="UTF-8"?>
<marc:record xmlns:marc="http://www.loc.gov/MARC21/slim" xmlns:xsi="http://www.w3.org/2001/XMLSchema-instance" xsi:schemaLocation="http://www.loc.gov/standards/marcxml/schema/MARC21slim.xsd">
  <marc:leader>00000ncc a2200000 u 4500</marc:leader>
  <marc:controlfield tag="001">990039254</marc:controlfield>
  <marc:controlfield tag="003">DE-633</marc:controlfield>
  <marc:controlfield tag="005">20220131145811.0</marc:controlfield>
  <marc:controlfield tag="008">161111##################################</marc:controlfield>
  <marc:datafield tag="035" ind1=" " ind2=" ">
    <marc:subfield code="a">M 511</marc:subfield>
  </marc:datafield>
  <marc:datafield tag="040" ind1=" " ind2=" ">
    <marc:subfield code="a">DE-633</marc:subfield>
  </marc:datafield>
  <marc:datafield tag="100" ind1="1" ind2=" ">
    <marc:subfield code="a">Marenzio, Luca</marc:subfield>
    <marc:subfield code="d">1553c-1599</marc:subfield>
    <marc:subfield code="0">pe30003955</marc:subfield>
  </marc:datafield>
  <marc:datafield tag="240" ind1="1" ind2="0">
    <marc:subfield code="a">Madrigali, libro 4</marc:subfield>
    <marc:subfield code="m">V (6)</marc:subfield>
    <marc:subfield code="0">5036095</marc:subfield>
  </marc:datafield>
  <marc:datafield tag="245" ind1="1" ind2="0">
    <marc:subfield code="a">Di Luca Marenzio il Quarto Libro de Madrigali a Sei Voci Nouamente ristampato, &amp; da molti errori diligentissimamente emendato. In Venetia Appresso Ricciardo Amadino</marc:subfield>
  </marc:datafield>
  <marc:datafield tag="260" ind1=" " ind2=" ">
    <marc:subfield code="a">Venetia</marc:subfield>
    <marc:subfield code="b">Ricciardo Amadino</marc:subfield>
    <marc:subfield code="c">1587</marc:subfield>
    <marc:subfield code="8">01</marc:subfield>
  </marc:datafield>
  <marc:datafield tag="300" ind1=" " ind2=" ">
    <marc:subfield code="a">6 parts</marc:subfield>
    <marc:subfield code="8">01</marc:subfield>
    <marc:subfield code="3"/>
  </marc:datafield>
  <marc:datafield tag="510" ind1="2" ind2=" ">
    <marc:subfield code="a">RISM A/I</marc:subfield>
    <marc:subfield code="c">M 511</marc:subfield>
  </marc:datafield>
  <marc:datafield tag="588" ind1=" " ind2=" ">
    <marc:subfield code="a">I-Bc T.44</marc:subfield>
  </marc:datafield>
  <marc:datafield tag="590" ind1=" " ind2=" ">
    <marc:subfield code="a">S, A, T, B, V 5, V 6</marc:subfield>
    <marc:subfield code="8">01</marc:subfield>
  </marc:datafield>
  <marc:datafield tag="593" ind1=" " ind2=" ">
    <marc:subfield code="a">Print</marc:subfield>
    <marc:subfield code="8">01</marc:subfield>
  </marc:datafield>
  <marc:datafield tag="594" ind1=" " ind2=" ">
    <marc:subfield code="b">S</marc:subfield>
    <marc:subfield code="c">1</marc:subfield>
  </marc:datafield>
  <marc:datafield tag="594" ind1=" " ind2=" ">
    <marc:subfield code="b">A</marc:subfield>
    <marc:subfield code="c">1</marc:subfield>
  </marc:datafield>
  <marc:datafield tag="594" ind1=" " ind2=" ">
    <marc:subfield code="b">T</marc:subfield>
    <marc:subfield code="c">1</marc:subfield>
  </marc:datafield>
  <marc:datafield tag="594" ind1=" " ind2=" ">
    <marc:subfield code="b">B</marc:subfield>
    <marc:subfield code="c">1</marc:subfield>
  </marc:datafield>
  <marc:datafield tag="594" ind1=" " ind2=" ">
    <marc:subfield code="b">V 5</marc:subfield>
    <marc:subfield code="c">1</marc:subfield>
  </marc:datafield>
  <marc:datafield tag="594" ind1=" " ind2=" ">
    <marc:subfield code="b">V 6</marc:subfield>
    <marc:subfield code="c">1</marc:subfield>
  </marc:datafield>
  <marc:datafield tag="594" ind1=" " ind2=" ">
    <marc:subfield code="a">S, A, T, B, V 5, V 6</marc:subfield>
  </marc:datafield>
  <marc:datafield tag="599" ind1=" " ind2=" ">
    <marc:subfield code="b">full</marc:subfield>
  </marc:datafield>
  <marc:datafield tag="650" ind1="0" ind2="7">
    <marc:subfield code="a">Madrigals</marc:subfield>
    <marc:subfield code="0">25257</marc:subfield>
  </marc:datafield>
  <marc:datafield tag="710" ind1="2" ind2=" ">
    <marc:subfield code="a">Amadino, Ricciardo</marc:subfield>
    <marc:subfield code="0">ks40000302</marc:subfield>
    <marc:subfield code="4">pbl</marc:subfield>
    <marc:subfield code="3"/>
  </marc:datafield>
  <marc:datafield tag="775" ind1=" " ind2=" ">
    <marc:subfield code="w">990039253</marc:subfield>
  </marc:datafield>
  <marc:datafield tag="852" ind1="1" ind2="0">
    <marc:subfield code="a">B-Bc</marc:subfield>
    <marc:subfield code="e">Conservatoire royal de Bruxelles, Bibliothèque - Koninklijk Conservatorium Brussel, Bibliotheek</marc:subfield>
    <marc:subfield code="x">ks30000438</marc:subfield>
    <marc:subfield code="3">150922</marc:subfield>
    <marc:subfield code="c">[no indication]</marc:subfield>
    <marc:subfield code="p"/>
    <marc:subfield code="q">S, B, 6</marc:subfield>
    <marc:subfield code="u"/>
    <marc:subfield code="z"/>
  </marc:datafield>
  <marc:datafield tag="852" ind1="1" ind2="0">
    <marc:subfield code="a">D-Rp</marc:subfield>
    <marc:subfield code="e">Bischöfliche Zentralbibliothek, Proskesche Musikabteilung</marc:subfield>
    <marc:subfield code="x">ks30000970</marc:subfield>
    <marc:subfield code="3">150923</marc:subfield>
    <marc:subfield code="c">[no indication]</marc:subfield>
    <marc:subfield code="p"/>
    <marc:subfield code="q">S, A, T, 5</marc:subfield>
    <marc:subfield code="u"/>
    <marc:subfield code="z"/>
  </marc:datafield>
  <marc:datafield tag="852" ind1="1" ind2="0">
    <marc:subfield code="a">GB-Ob</marc:subfield>
    <marc:subfield code="e">Bodleian Library</marc:subfield>
    <marc:subfield code="x">ks30001627</marc:subfield>
    <marc:subfield code="3">150924</marc:subfield>
    <marc:subfield code="c">[no indication]</marc:subfield>
    <marc:subfield code="p"/>
    <marc:subfield code="q">unvollständig</marc:subfield>
    <marc:subfield code="u"/>
    <marc:subfield code="z"/>
  </marc:datafield>
  <marc:datafield tag="852" ind1="1" ind2="0">
    <marc:subfield code="a">GB-Och</marc:subfield>
    <marc:subfield code="e">Christ Church Library &amp; Archives</marc:subfield>
    <marc:subfield code="x">ks30001631</marc:subfield>
    <marc:subfield code="3">150925</marc:subfield>
    <marc:subfield code="c">[no indication]</marc:subfield>
    <marc:subfield code="p"/>
    <marc:subfield code="q">kpl.: S, A, T, B, 5, 6</marc:subfield>
    <marc:subfield code="u"/>
    <marc:subfield code="z"/>
  </marc:datafield>
  <marc:datafield tag="852" ind1=" " ind2=" ">
    <marc:subfield code="a">I-Bc</marc:subfield>
    <marc:subfield code="e">Museo internazionale e biblioteca della musica di Bologna</marc:subfield>
    <marc:subfield code="x">ks30001740</marc:subfield>
    <marc:subfield code="3">150926</marc:subfield>
    <marc:subfield code="c">T.44</marc:subfield>
    <marc:subfield code="p"/>
    <marc:subfield code="q">1 part: T</marc:subfield>
    <marc:subfield code="u"/>
    <marc:subfield code="z"/>
  </marc:datafield>
  <marc:datafield tag="852" ind1="1" ind2="0">
    <marc:subfield code="a">I-Bsp</marc:subfield>
    <marc:subfield code="e">Archivio musicale della Basilica di San Petronio</marc:subfield>
    <marc:subfield code="x">ks30000256</marc:subfield>
    <marc:subfield code="3">150927</marc:subfield>
    <marc:subfield code="c">[no indication]</marc:subfield>
    <marc:subfield code="p"/>
    <marc:subfield code="q"/>
    <marc:subfield code="u"/>
    <marc:subfield code="z"/>
  </marc:datafield>
  <marc:datafield tag="852" ind1=" " ind2=" ">
    <marc:subfield code="a">I-Fb</marc:subfield>
    <marc:subfield code="b">Special Collections</marc:subfield>
    <marc:subfield code="e">Biblioteca Berenson - Morrill Music Library</marc:subfield>
    <marc:subfield code="x">ks30004727</marc:subfield>
    <marc:subfield code="3">51030326</marc:subfield>
    <marc:subfield code="c">M1582 .M4 1584 M</marc:subfield>
    <marc:subfield code="p"/>
    <marc:subfield code="q">2 parts: T, B</marc:subfield>
    <marc:subfield code="u"/>
    <marc:subfield code="z"/>
  </marc:datafield>
  <marc:datafield tag="852" ind1="1" ind2="0">
    <marc:subfield code="a">I-Fn</marc:subfield>
    <marc:subfield code="e">Biblioteca nazionale centrale</marc:subfield>
    <marc:subfield code="x">ks30001783</marc:subfield>
    <marc:subfield code="3">150928</marc:subfield>
    <marc:subfield code="c">[no indication]</marc:subfield>
    <marc:subfield code="p"/>
    <marc:subfield code="q"/>
    <marc:subfield code="u"/>
    <marc:subfield code="z"/>
  </marc:datafield>
  <marc:datafield tag="852" ind1="1" ind2="0">
    <marc:subfield code="a">I-Vnm</marc:subfield>
    <marc:subfield code="e">Biblioteca Nazionale Marciana</marc:subfield>
    <marc:subfield code="x">ks30000170</marc:subfield>
    <marc:subfield code="3">150929</marc:subfield>
    <marc:subfield code="c">[no indication]</marc:subfield>
    <marc:subfield code="p"/>
    <marc:subfield code="q">A</marc:subfield>
    <marc:subfield code="u"/>
    <marc:subfield code="z"/>
  </marc:datafield>
  <marc:datafield tag="852" ind1=" " ind2=" ">
    <marc:subfield code="a">PL-GD</marc:subfield>
    <marc:subfield code="e">Polska Akademia Nauk Biblioteka Gdańska</marc:subfield>
    <marc:subfield code="x">ks30002071</marc:subfield>
    <marc:subfield code="3">150930</marc:subfield>
    <marc:subfield code="c">Ee 1638 8º adl. 8</marc:subfield>
    <marc:subfield code="p"/>
    <marc:subfield code="q">kpl: S, A, T, B, V5, V6</marc:subfield>
    <marc:subfield code="u"/>
    <marc:subfield code="z"/>
  </marc:datafield>
  <marc:datafield tag="852" ind1="1" ind2="0">
    <marc:subfield code="a">US-BEm</marc:subfield>
    <marc:subfield code="e">Jean Gray Hargrove Music Library - University of California</marc:subfield>
    <marc:subfield code="x">ks30002210</marc:subfield>
    <marc:subfield code="3">150931</marc:subfield>
    <marc:subfield code="c">[no indication]</marc:subfield>
    <marc:subfield code="p"/>
    <marc:subfield code="q">A, T, B, 5, 6</marc:subfield>
    <marc:subfield code="u"/>
    <marc:subfield code="z"/>
  </marc:datafield>
  <marc:datafield tag="856" ind1=" " ind2=" ">
    <marc:subfield code="u">http://www.bibliotecamusica.it/cmbm/viewschedatwbca.asp?path=/cmbm/images/ripro/gaspari/_T/T044/</marc:subfield>
    <marc:subfield code="x">Digitized</marc:subfield>
    <marc:subfield code="z">Digital copy</marc:subfield>
    <marc:subfield code="3">150926</marc:subfield>
  </marc:datafield>
  <marc:datafield tag="973" ind1=" " ind2=" ">
    <marc:subfield code="u">1001160970</marc:subfield>
    <marc:subfield code="3">51030326</marc:subfield>
  </marc:datafield>
  <marc:datafield tag="973" ind1=" " ind2=" ">
    <marc:subfield code="u">1001202747</marc:subfield>
    <marc:subfield code="3">150930</marc:subfield>
  </marc:datafield>
  <marc:datafield tag="980" ind1=" " ind2=" ">
    <marc:subfield code="a">RISM</marc:subfield>
    <marc:subfield code="c">examined</marc:subfield>
  </marc:datafield>
</marc:record>
